=LDR  03165cgm  2200721Ia 45 0
=001  48075651
=003  OCoLC
=005  20041012112205.0
=007  vd\\v\\\
=008  011003s2001\\\\enk300\g\\\\\\\\\\vleng\d
=020  \\$a0767038266 :
=020  \\$a0767038274 (v. 1)
=020  \\$a0767038282 (v. 2)
=028  42$aAAE-70255--AAE-72056$bA & E Home Video
=035  \\$a.b1629290x$btvdvd$cc
=040  \\$aIFJ$cIFJ$dOCLCQ$dRLS$dOCLCQ$dIHI$dOCLCQ$dFVC$dOCLCQ
=043  \\$ae-uk-en
=049  \\$aCOCA
=090  \\$aPN1997$b.P761 2001
=090  \\$aPN1997$b.P761 2001
=245  00$aJane Austen's Pride and prejudice$h[videorecording] /$ca co-production of BBC Television and BBC Worldwide Americas, Inc. in association with A & E Network ; screenplay by Andrew Davies ; directed by Simon Langton ; produced by Sue Birtwistle.
=246  30$aPride and prejudice.
=250  \\$aSpecial ed.
=260  \\$a[London?] :$bBritish Broadcasting Corp.,$c2001.
=300  \\$a2 videodiscs (300 min.) :$bsd., col. ;$c4 3/4 in. +$e1 booklet.
=538  \\$aDVD; Dolby, digital, stereo.
=511  1\$aColin Firth, Jennifer Ehle, Alison Steadman, Benjamin Whitrow, Susannah Harker, Crispin Bonham-Carter, Anna Chancellor, Julia Sawalha, David Bamber, David Bark-Jones.
=508  \\$aPhotography, John Kenway ; film editor, Peter Coulson ; music, Carl Davis.
=500  \\$aOriginally produced for 1995 miniseries television broadcast.
=500  \\$aBased on the novel by Jane Austen.
=500  \\$aFilm format: anamorphic widescreen (2.35:1)
=500  \\$aBooklet (7 p.) includes list of chapters, and cast and crew reminiscences.
=521  8\$aNot rated.
=520  \\$aThe story of lively and rebellious Elizabeth, one of five unmarried daughters living in the countryside of 19th century England, in a world where an advantageous marriage is a woman's sole occupation.
=500  \\$aSpecial features: vol. 1: biographies ; vol. 2: featurette (The making of Pride and prejudice)
=600  10$aAusten, Jane,$d1775-1817$vFilm adaptations.
=650  \0$aYoung women$zEngland$vDrama.
=650  \0$aCourtship$zEngland$vDrama.
=650  \0$aTelevision adaptations.
=650  \0$aTelevision mini-series.
=651  \0$aEngland$xSocial life and customs$y19th century$vDrama.
=655  \7$aLove stories.
=690  \\$aFeature films$vDVD.
=690  \\$aLiterature$vDVD.
=700  1\$aFirth, Colin,$d1960-
=700  1\$aEhle, Jennifer,$d1969-
=700  1\$aSteadman, Alison,$d1946-
=700  1\$aWhitrow, Benjamin.
=700  1\$aHarker, Susannah.
=700  1\$aBonham-Carter, Crispin.
=700  1\$aChancellor, Anna.
=700  1\$aSawalha, Julia,$d1968-
=700  1\$aBamber, David.
=700  1\$aLangton, Simon.
=700  1\$aAusten, Jane,$d1775-1817.$tPride and prejudice.
=710  2\$aArts and Entertainment Network.
=710  2\$aBritish Broadcasting Corporation.
=710  2\$aA & E Home Video (Firm)
=907  \\$a.b1629290x
=902  \\$a120110
=999  \\$b2$c041012$dm$eg$fc$g0
=994  \\$atvdvd
=945  \\$aPN1997$b.P761 2001$cv.  1$g1$i33027005139922$j0$ltvdvd$h0$o2$p{dollar}0.00$qn$r-$s-$t14$u31$v0$w0$x1$y.i1672253x$z050628

