=LDR  01882cam  2200469 a 4500
=001  233573883
=003  OCoLC
=005  20100322025810.0
=008  080709s2008\\\\nyu\\\\\\\\\\\000\1\eng\\
=010  \\$a2008030413
=020  \\$a9780765318473
=020  \\$a0765318474
=035  \\$a(OCoLC)233573883$z(OCoLC)213300742
=040  \\$aDLC$cDLC$dDOV$dBTCTA$dBAKER$dYDXCP$dUPZ$dUKM$dC#P$dUBY$dVP@$dCDX$dOCLCQ
=043  \\$ae-uk-en
=049  \\$aCOCA
=050  00$aPS3602.E267$bM38 2008
=050  00$aPS3602.E267$bM38 2008
=100  1\$aBebris, Carrie.
=245  14$aThe matters at Mansfield, or, The Crawford affair /$cCarrie Bebris.
=246  30$aMatters at Mansfield.
=246  30$aCrawford affair.
=250  \\$a1st ed.
=260  \\$aNew York :$bForge,$c2008.
=300  \\$a286 p. ;$c22 cm.
=490  1\$aA Mr. & Mrs. Darcy mystery.
=500  \\$a"A Tom Doherty Associates Book."
=520  \\$aFollowing the birth of their first child, Elizabeth and Fitzwilliam Darcy are looking forward to enjoying life at Pemberley, but family commitments draw them away to Mansfield Park. While there, the Darcys get involved with marriage arrangements, star-crossed lovers, deceit, mistaken identity, and even murder.
=650  \0$aBennet, Elizabeth (Fictitious character)$vFiction.
=650  \0$aDarcy, Fitzwilliam (Fictitious character)$vFiction.
=650  \0$aMarried people$vFiction.
=651  \0$aEngland$vFiction.
=655  \0$aDetective and mystery stories.
=655  \7$aHistorical fiction.
=655  \7$aMystery fiction.
=700  1\$aAusten, Jane,$d1775-1817.$tPride and prejudice.
=800  1\$aBebris, Carrie.$tMr. & Mrs. Darcy mysteries.
=907  \\$a.b20062655
=902  \\$a120110
=999  \\$b1$c100322$dm$ea$fc$g4
=994  \\$atbp
=945  \\$aPS3602.E267$bM38 2008$g1$i33027005918333$j0$ltbp  $h0$oc$p{dollar}0.00$q $r-$s-$t1$u1$v0$w0$x0$y.i20225210$z100322

