=LDR  00961nam  2200289Ia 4500
=001  8383316
=003  OCoLC
=005  19981012112243.0
=008  820430s1918\\\\nyu\\\\\\\\\\\000\1\eng\\
=010  \\$a18007296
=040  \\$aDLC$cZMM$dZMM
=049  \\$aCOCA
=090  \\$aPR4034$b.P7 1918
=090  \\$aPR4034$b.P7 1918
=100  1\$aAusten, Jane,$d1775-1817.
=245  10$aPride and prejudice /$cby Jane Austen; with an introduction by William Dean Howells.
=260  \\$aNew York, Chicago [etc.] :$bC. Scribner's sons,$c[c1918]
=300  \\$axxiii, 401 p. ;$c18 cm.
=490  1\$aThe modern student's library.
=500  \\$aSeries title also at head of t.-p.
=700  1\$aHowells, William Dean,$d1837-1920.
=830  \0$aModern student's library.
=907  \\$a.b13290083
=902  \\$a120110
=999  \\$b1$c981012$dm$ea$f-$g0
=994  \\$atbp
=945  \\$aPR4034$b.P7 1918$g1$i33027003636366$j0$ltbp  $h0$oh$p{dollar}0.00$q $r-$s-$t1$u5$v0$w0$x0$y.i13884177$z981012

