=LDR  01144pam  2200361 a 4500
=001  15525100
=003  OCoLC
=005  19961220000000.0
=008  910418s1991\\\\nyu\\\\\\\\\\\000\1\eng\\
=010  \\$a91052940 //r93
=020  \\$a0679405429
=035  \\$a.b11432159$btbp$c-
=040  \\$aDLC$cDLC
=049  \\$aCOCA
=050  00$aPR4034$b.P7 1991
=090  \\$aPR4034.P7 1991
=100  1\$aAusten, Jane,$d1775-1817.
=245  10$aPride and prejudice /$cJane Austen.
=260  \\$aNew York :$bKnopf,$cc1991.
=300  \\$axxxix, 368 p. ;$c22 cm.
=490  1\$aEveryman's library.
=651  \0$aEngland$xSocial life and customs$y19th century$vFiction.
=650  \0$aYoung women$zEngland$vFiction.
=650  \0$aCourtship$zEngland$vFiction.
=650  \0$aFamilies$zEngland$vFiction.
=655  \7$aDomestic fiction.
=655  \7$aLove stories.
=830  \0$aEveryman's library.
=907  \\$a.b11432159
=902  \\$a120110
=999  \\$b1$c971104$dm$ea$f-$g0
=994  \\$atbp
=945  \\$aPR4034.P7 1991$g1$i33027003105180$j0$ltbp  $nMon Jun 16 2003: Bill {dollar}50.00, lost by .p1148771$h0$o-$p{dollar}0.00$r-$sn$t1$u15$v1$w0$x0$y.i11674131$z940817

