=LDR  00683nam  2200241I  4500
=001  908886
=008  740605|1948|||||||\\\\\\\\\\||||\||eng\u
=035  \\$a.b11776298$btbp$c-
=035  \\$a(CoCC)53204
=040  \\$cKSU$dCOC
=049  \\$aCOCA
=090  \\$aPR4034.P7 F48
=100  1\$aAusten, Jane,$d1775-1817.
=245  10$aPride and prejudice.
=260  \\$aNew York,$bPantheon$c[1948]
=300  \\$aix, 386 p.$c18 cm.
=490  1\$aThe Novel library.
=830  \0$aNovel library.
=907  \\$a.b11776298
=902  \\$a120208
=999  \\$b2$c940803$dm$ea$f-$g0
=994  \\$atbp
=945  \\$aPR4034.P7 F48$g1$i33027001065071$j0$ltbp  $h0$o-$p{dollar}0.00$r-$s-$t1$u10$v1$w0$x2$y.i1206631x$z940818

