=LDR  02308cgm  2200493Ia 4504
=001  24426283
=003  OCoLC
=005  19940720153353.0
=007  vf\bbahou\\\\\\\\\\\\\\
=008  910920p19901940cau118\\\\\\\\\\\\vleng\d
=035  \\$a.b12245859$btv$c-
=035  \\$a(CoCC)271554
=040  \\$aVZF$cVZF$dGND$dCOC
=049  \\$aCOCA
=099  \\$aVideo 3106
=245  00$aPride and prejudice$h[videorecording] /$cMetro-Goldwyn-Mayer ; directed by Robert Z. Leonard ; produced by Hunt Stromberg ; screenplay by Aldous Huxley and Jane Murfin.
=260  \\$aCulver city, CA :$bMGM/UA Home video,$c1990.
=300  \\$a1 videocassette (118 min.) :$bsd., b&w ;$c1/2 in.
=538  \\$aVHS.
=511  1\$aGreer Garson, Laurence Olivier, Mary Boland, Edmund Gwenn, Edna May Oliver, Maureen O'Sullivan, Frieda Inescort, Ann Rutherford, Melville Cooper, Karen Morley, Heather Angel.
=508  \\$aMusical score, Herbert Stothart ; film editor, Robert J. Kern ; director of photography, Karl Freund ; art director, Cedric Gibbons ; gowns by Adrian.
=500  \\$aOriginally issued as a motion picture in 1940.
=500  \\$aBased upon the dramatization of Jane Austen's novel written by Helem Jerome.
=520  \\$aTale of pre-Victorian British country society in which Mrs. Bennett is faced with the task of marrying her five daughters, of whom the oldest, intelligent and witty Elizabeth, becomes involved with the proud sophisticate Mr. D'Arcy, before all ends well.
=650  \0$aCourtship$zGreat Britain$vDrama.
=650  \0$aFamilies$vDrama.
=650  \0$aFeature films.
=690  \\$aClassic Films$vVideos.
=700  1\$aAusten, Jane,$d1775-1817.$tPride and prejudice.
=700  1\$aLeonard, Robert Z.,$d1889-1968.
=700  1\$aStromberg, Hunt,$d1894-1968.
=700  1\$aHuxley, Aldous,$d1894-1963.
=700  1\$aJerome, Helen,$d1883-1958.
=700  1\$aGarson, Greer,$d1904-1996.
=700  1\$aOlivier, Laurence,$d1907-1989.
=710  2\$aMetro-Goldwyn-Mayer.
=710  2\$aMGM/UA Home Video (Firm)
=710  2\$aLoew's Incorporated.
=710  2\$aTurner Entertainment Co.
=907  \\$a.b12245859
=902  \\$a120110
=999  \\$b1$c940803$dm$eg$f-$g0
=994  \\$atv
=945  \\$aVideo 3106$g1$i33027002597965$j0$ltv   $h0$o-$p{dollar}0.00$r-$s-$t17$u62$v1$w0$x0$y.i12668813$z941010

