=LDR  00624nam  2200217   4500
=001  176579
=008  \\\\\\\\\\\\\\\\\\\\\\\\\\\\\\\\\\\eng\\
=035  \\$a.b10098616$btbp$c-
=035  \\$a(CoCC)112078
=040  \\$cCDC$dm.c
=049  \\$aCOCA
=090  \\$aPR4034.A93 1905
=100  1\$aAusten, Jane,$d1775-1817.
=245  10$aPride and prejudice.
=260  \\$aNew York,$bCentury,$c1905, c1902.
=300  \\$a329 p.$billus.
=907  \\$a.b10098616
=902  \\$a120110
=999  \\$b2$c940803$dm$ea$f-$g0
=994  \\$atbp
=945  \\$aPR4034.A93 1905$g1$i33027001252257$j0$ltbp  $h0$o-$p{dollar}0.00$r-$s-$t1$u11$v0$w0$x0$y.i10115353$z940804

