=LDR  00951nam  2200301Ia 4500
=001  10127145
=003  OCoLC
=005  20040202132447.0
=008  831114s1940\\\\nyu\\\\\\\\\\\000\1\eng\d
=035  \\$a.b1605863x$btbp$cc
=040  \\$aNJJ$cNJJ
=049  \\$aCOCA
=090  \\$aPR4034$b.P7 1940b
=090  \\$aPR4034$b.P7 1940b
=100  1\$aAusten, Jane,$d1775-1817.
=245  10$aPride and prejudice /$cby Jane Austen.
=250  \\$aCollector's ed.
=260  \\$aNew York :$bPocket Books,$cc1940.
=300  \\$avii, 435 p. ;$c17 cm.
=650  \0$aYoung women$zEngland$vFiction.
=650  \0$aCourtship$zEngland$vFiction.
=650  \0$aFamilies$zEngland$vFiction.
=651  \0$aEngland$xSocial life and customs$y19th century$vFiction.
=907  \\$a.b1605863x
=902  \\$a120110
=999  \\$b1$c040202$dm$ea$fc$g0
=994  \\$atbp
=945  \\$aPR4034$b.P7 1940b$g1$i33027004889592$j0$ltbp  $h0$oh$p{dollar}0.00$q $r-$s-$t1$u13$v1$w0$x0$y.i16085528$z040202

