=LDR  01022cam  2200301Ia 4500
=001  71007642
=003  OCoLC
=005  20061016090011.0
=008  051219s2006\\\\enka\\\\\b\\\\000\1\eng\d
=020  \\$a0521825148
=024  3\$a9780521825146
=040  \\$aEQO$cEQO$dBAKER$dGZM$dYDXCP$dOCLCQ
=049  \\$aCOCA
=090  \\$aPR4034$b.P7 2006
=090  \\$aPR4034$b.P7 2006
=100  1\$aAusten, Jane,$d1775-1817.
=245  10$aPride and prejudice /$cJane Austen ; edited by Pat Rogers.
=260  \\$aCambridge ;$aNew York :$bCambridge University Press,$c2006.
=300  \\$alxxx, 540 p. :$bill. ;$c23 cm.
=490  1\$aThe Cambridge edition of the works of Jane Austen.
=504  \\$aIncludes bibliographical references.
=700  1\$aRogers, Pat,$d1938-
=800  1\$aAusten, Jane,$d1775-1817.$tWorks.$f2005.
=907  \\$a.b16854718
=902  \\$a120411
=999  \\$b1$c061016$dm$ea$fc$g0
=994  \\$atbp
=945  \\$aPR4034$b.P7 2006$g1$i33027005483320$j0$ltbp  $h0$oc$p{dollar}0.00$q $r-$s-$t1$u9$v2$w0$x0$y.i1729812x$z061016

