=LDR  05743cgm  2201117Ia 4500
=001  62774704
=003  OCoLC
=005  20080604112412.0
=007  vd\cvaizq
=008  060104p20062005enk129\g\\\\\\\\\\vleng\d
=020  \\$a1417055065
=020  \\$a9781417055067
=024  10$a025192807220
=028  42$a28072$bFocus Features
=035  \\$a(OCoLC)62774704
=040  \\$aTEFMT$cTEFMT$dTEF$dRCS$dOMP$dGK8$dJED$dGK8$dCVN$dOCLCA$dRCS$dWAU$dBTCTA$dYDXCP$dOCLCQ$dWCM$dTXI$dOCLCQ$dOCLCA
=041  1\$aeng$afre$aspa$jeng$jfre$jspa$heng$geng
=043  \\$ae-uk-en
=044  \\$axxk$afr
=049  \\$aCOCA
=090  \\$aPR4034$b.P75 2006
=090  \\$aPR4034$b.P75 2006
=245  00$aPride & prejudice$h[videorecording] /$cUniversal ; Focus Features presents in association with Studiocanal a Working Title production ; directed by Joe Wright ; produced by Tim Bevan, Eric Fellner, Paul Webster ; screenplay, Deborah Moggach ; executive producers, Debra Hayward, Liza Chasin ; director of photography, Roman Osin ; produced in association with Scion Films.
=246  3\$aPride and prejudice.
=250  \\$aWidescreen.
=260  \\$a[England] :$bFocus Features ;$aUniversal City, CA :$bUniversal Studios Home Entertainment,$cc2006.
=300  \\$a1 videodisc (129 min.) :$bsd., col. ;$c4 3/4 in.
=490  1\$aFocus Features spotlight series.
=538  \\$aDVD ; Region 1 NTSC; Anamorphic widescreen 2.35:1; Dolby Digital 5.1 surround.
=546  \\$aIn English, dubbed French or Spanish dialogue ; optional English, French or Spanish subtitles ; SDH.
=511  1\$aKeira Knightley, Matthew Macfadyen, Brenda Blethyn, Donald Sutherland, Tom Hollander, Rosamund Pike, Jena Malone, Judi Dench, Kelly Reilly, Claudie Blakley, Peter Wight, Penelope Wilton, Simon Woods, Rupert Friend, Carey Mulligan, Talulah Riley.
=508  \\$aCo-producer, Jane Frazer ; production designer, Sarah Greenwood ; editor, Paul Tothill ; costume designer, Jacqueline Durran ; hair and make-up designer, Fae Hammond ; music by Dario Marianelli ; music supervisor, Nick Angel ; casting by Jina Jay ; art direction by Nick Gottschalk, Mark Swain.
=500  \\$aBased on the novel by Jane Austen.
=500  \\$aOriginally released as a motion picture in 2005.
=521  8\$aMPAA rating: PG.
=520  \\$aMr. Bennet is an English gentleman living in Hartfordshire with his overbearing wife and 5 daughters. There is the beautiful Jane, the clever Elizabeth, the bookish Mary, the immature Kitty and the wild Lydia. Unfortunately, if Mr. Bennet dies their house will be inherited by a distant cousin whom they have never met. The family's future happiness and security is dependent on the daughters making good marriages. Life is uneventful until the arrival in the neighbourhood of the rich gentleman Mr. Bingley, who rents a large house so he can spend the summer in the country. Mr. Bingley brings with him his sister and the dashing, rich, but proud Mr. Darcy. Love soon buds for one of the Bennet sisters, while another sister may have jumped to a hasty prejudgment. For the Bennet sisters many trials and tribulations stand between them and their happiness.
=500  \\$aSpecial features: A Bennet family portrait; Jane Austen, ahead of her time; Behind the scenes at the ball; Pride & prejudice: an HBO first look; director's commentary.
=650  \0$aBennet, Elizabeth (Fictitious character)$vDrama.
=650  \0$aSocial classes$vDrama.
=650  \0$aYoung women$vDrama.
=650  \0$aCourtship$vDrama.
=650  \0$aSisters$vDrama.
=651  \0$aEngland$vDrama.
=650  \0$aFilms for the hearing impaired.
=655  \0$aFeature films.
=655  \7$aMelodrama.
=655  \7$aRomance.
=690  \\$aFeature films$vDVD.
=690  \\$aLiterature$vDVD.
=650  \7$aHermanas$zInglaterra$vTeatro.$2bidex.
=650  \7$aMatrimonio$xCostumbres y ritos$vTeatro.$2bidex.
=650  \8$aBennet, Elizabeth (Fictitious character)$vDrama.
=650  \8$aSocial classes$vDrama.
=650  \8$aYoung women$vDrama.
=700  1\$aWright, Joe,$d1972-$4drt.
=700  1\$aBevan, Tim.$4pro.
=700  1\$aFellner, Eric.$4pro.
=700  1\$aWebster, Paul.$4pro.
=700  1\$aMoggach, Deborah.$4aus.
=700  1\$aHayward, Debra.
=700  1\$aChasin, Liza.
=700  1\$aOsin, Roman,$d1960-
=700  1\$aKnightley, Keira,$d1985-$4act.
=700  1\$aMacfadyen, Matthew,$d1974-$4act.
=700  1\$aBlethyn, Brenda,$d1946-$4act.
=700  1\$aSutherland, Donald,$d1935-$4act.
=700  1\$aHollander, Tom,$d1967-$4act.
=700  1\$aPike, Rosamund,$d1979-$4act.
=700  1\$aMalone, Jena,$d1984-$4act.
=700  1\$aDench, Judi,$d1934-$4act.
=700  1\$aReilly, Kelly.
=700  1\$aBlakley, Claudie,$d1974-
=700  1\$aWight, Peter,$d1950-
=700  1\$aWilton, Penelope,$d1946-
=700  1\$aWoods, Simon,$d1980-
=700  1\$aFriend, Rupert.
=700  1\$aMulligan, Carey,$d1985-
=700  1\$aRiley, Talulah,$d1985-
=700  1\$aGreenwood, Sarah.
=700  1\$aTothill, Paul.
=700  1\$aDurran, Jacqueline.
=700  1\$aMarianelli, Dario.$4cmp.
=700  1\$aAusten, Jane,$d1775-1817.$tPride and prejudice.
=710  2\$aUniversal Pictures Company.
=710  2\$aFocus Features.
=710  2\$aStudio Canal.
=710  2\$aWorking Title Films.
=710  2\$aScion Films.
=710  2\$aUniversal Studios Home Entertainment (Firm)
=730  0\$aPride & prejudice (Motion picture : 2005)
=830  \0$aFocus Features spotlight series.
=907  \\$a.b17242629
=902  \\$a120626
=999  \\$b1$c080604$dm$eg$fc$g0
=994  \\$atvdvd
=945  \\$aPR4034$b.P75 2006$g1$i33027005693373$j0$ltvdvd$h0$oc$p{dollar}0.00$qn$r-$s-$t14$u28$v0$w1$x2$y.i17744179$z080604

