=LDR  04070cgm  2200901Ia 4500
=001  71794143
=003  OCoLC
=005  20080604112412.0
=007  vd\bvaizs
=008  060928p20061940cau118\g\\\\\\\\\\vleng\d
=020  \\$a1419838237
=020  \\$a9781419838231
=024  1\$a012569793682
=028  42$a79368$bWarner Home Video
=035  \\$a(OCoLC)71794143
=037  \\$bMidwest Tape$nhttp://www.midwesttapes.com
=040  \\$aTEFMT$cTEFMT$dRCS$dOCLCA$dRCS$dEMU$dGK8$dGC0$dBTCTA$dJED$dOCLCQ
=041  1\$aeng$jeng$jfre$jpor$jspa$heng
=043  \\$ae-uk-en
=049  \\$aCOCA
=090  \\$aPR4034$b.P753 2006
=090  \\$aPR4034$b.P753 2006
=245  00$aPride and prejudice$h[videorecording] /$cMetro-Goldwyn-Mayer presents ; produced by Loew's Incorporated ; screen play by Aldous Huxley and Jane Murfin ; produced by Hunt Stromberg ; directed by Robert Z. Leonard.
=250  \\$aStandard version.
=260  \\$aBurbank, CA :$bDistributed by Warner Home Video,$c[c2006]
=300  \\$a1 videodisc (ca. 118 min.) :$bsd., b&w ;$c4 3/4 in.
=538  \\$aDVD ; region 1, full screen (1.33:1) presentation ; Dolby Digital surround stereo, dual layer.
=546  \\$aIn English with optional English, French, Portuguese or Spanish subtitles ; closed-captioned for the hearing impaired.
=511  1\$aGreer Garson, Laurence Olivier, Mary Boland, Edna May Oliver, Maureen O'Sullivan, Ann Rutherford, Frieda Inescort, Edmund Gwenn, Karen Morley, Heather Angel, Melville Cooper.
=508  \\$aDirector of photography, Karl Freund ; editor, Robert J. Kern ; music, Herbert Stothart.
=500  \\$aBased on the novel by Jane Austen.
=500  \\$aOriginally released as a motion picture in 1940.
=500  \\$aSpecial features: Oscar{reg}-nominated short "Eyes of the Navy"; cartoon "The fishing bear"; theatrical trailer.
=521  8\$aNot rated by MPAA.
=520  \\$aThe story of the five Bennett sisters living in early 19th century England. Their mother is scheming to make prestigious marriages for them. Focuses on Elizabeth Bennett, who mistakenly finds the rich Mr. Darcy an oaf, even as he sets all the other fair maidens' hearts aflutter.
=650  \0$aBennet, Elizabeth (Fictitious character)$vDrama.
=650  \0$aDarcy, Fitzwilliam (Fictitious character)$vDrama.
=650  \0$aMan-woman relationships$zEngland$vDrama.
=650  \0$aSisters$zEngland$vDrama.
=650  \0$aYoung women$zEngland$vDrama.
=650  \0$aCourtship$zEngland$vDrama.
=650  \0$aDependents$zEngland$vDrama.
=650  \0$aSocial classes$zEngland$vDrama.
=651  \0$aEngland$xSocial life and customs$y19th century$vDrama.
=650  \0$aFilms for the hearing impaired.
=655  \0$aFeature films.
=655  \0$aMelodrama.
=655  \0$aFilm adaptations.
=655  \7$aRomance.
=655  \7$aMelodrama.
=655  \7$aAdaptation.
=655  \7$aFeature films.
=655  \7$aLove stories.
=650  \8$aBennet, Elizabeth (Fictitious character)$vDrama.
=690  \\$aFeature films$vDVD.
=690  \\$aLiterature$vDVD.
=650  \7$aRelaciones humanas$zInglaterra$vTeatro.$2bidex.
=650  \7$aHermanas$zInglaterra$vTeatro.$2bidex.
=700  1\$aLeonard, Robert Z.,$d1889-1968.
=700  1\$aStromberg, Hunt,$d1894-1968.
=700  1\$aHuxley, Aldous,$d1894-1963.
=700  1\$aMurfin, Jane,$dd. 1955.
=700  1\$aGarson, Greer,$d1904-1996.
=700  1\$aOlivier, Laurence,$d1907-1989.
=700  1\$aBoland, Mary,$d1880-1965.
=700  1\$aOliver, Edna May,$d1883-1942.
=700  1\$aO'Sullivan, Maureen,$d1911-1998.
=700  1\$aRutherford, Ann,$d1920-
=700  1\$aAusten, Jane,$d1775-1817.$tPride and prejudice.
=710  2\$aMetro-Goldwyn-Mayer.
=710  2\$aWarner Home Video (Firm)
=730  0\$aPride and prejudice (Motion picture : 1940)
=740  02$aEyes of the navy.
=907  \\$a.b17242691
=902  \\$a120110
=999  \\$b1$c080604$dm$eg$fc$g0
=994  \\$atvdvd
=945  \\$aPR4034$b.P753 2006$g1$i33027005693381$j0$ltvdvd$h0$oc$p{dollar}0.00$qn$r-$s-$t14$u4$v0$w0$x0$y.i17744271$z080604

