=LDR  01158nam  2200337Ki 4500
=001  PG1342
=003  COC
=005  20101215144400.0
=006  m\\\\\\\\d\\\\\\\\
=007  cr\\\\\\\\\\\u
=008  101213s1998\\\\utu\\\\\o\\\\\\\\\\\eng\d
=245  00$aPride and Prejudice$h[electronic resource] : $cAusten, Jane.
=260  \\$aSalt Lake City :$bProject Gutenberg Literary Archive Foundation,$c1998.
=300  \\$a1 online resource.
=500  \\$aRecords generated from Project Gutenberg RDF data.
=538  \\$aAvailable via Internet, http://www.gutenberg.org/etext/1342.
=650  \0$aYoung women$vFiction.
=650  \0$aLove stories.
=650  \0$aSisters$vFiction.
=650  \0$aDomestic fiction.
=650  \0$aCourtship$vFiction.
=650  \0$aSocial classes$vFiction.
=651  \0$aEngland$vFiction.
=700  1\$aAusten, Jane,$d1775-1817,$eauthor.
=710  2\$aProject Gutenberg.
=856  41$zView online$uhttp://www.gutenberg.org/etext/1342
=907  \\$a.b20348952
=902  \\$a120110
=999  \\$b1$c110119$dm$ea$fe$g0
=994  \\$aewwwn
=945  \\$aProject Gutenberg$g1$j0$lewwwn$h0$oe$p{dollar}0.00$q $r-$sj$t32$u0$v0$w0$x0$y.i20414973$z110119

