=LDR  01189nim  2200349KI 4500
=001  PG20686
=003  COC
=005  20101215144400.0
=006  m\\\\\\\\h\\\\\\\\
=007  cr\\\\\\\\\\\u
=007  sz\z|nnnnnzned
=008  101213s2007\\\\utu\\\\\o\\\\\\\\\\\eng\d
=245  00$aPride and Prejudice$h[electronic resource] : $cAusten, Jane.
=260  \\$aSalt Lake City :$bProject Gutenberg Literary Archive Foundation,$c2007.
=300  \\$a1 online resource.
=500  \\$aRecords generated from Project Gutenberg RDF data.
=538  \\$aAvailable via Internet, http://www.gutenberg.org/etext/20686.
=650  \0$aYoung women$vFiction.
=650  \0$aLove stories.
=650  \0$aSisters$vFiction.
=650  \0$aDomestic fiction.
=650  \0$aCourtship$vFiction.
=650  \0$aSocial classes$vFiction.
=651  \0$aEngland$vFiction.
=700  1\$aAusten, Jane,$d1775-1817,$eauthor.
=710  2\$aProject Gutenberg.
=856  41$zListen online$uhttp://www.gutenberg.org/etext/20686
=907  \\$a.b20352578
=902  \\$a120110
=999  \\$b1$c110119$dm$ei$fe$g0
=994  \\$aewww
=945  \\$aProject Gutenberg$g1$j0$lewww $h0$oe$p{dollar}0.00$q $r-$sj$t25$u0$v0$w0$x0$y.i20418565$z110119

