=LDR  00837cam  2200241Ia 4500
=001  10096262
=003  OCoLC
=005  19970327103301.0
=008  831104s1936\\\\nyu\\\\\\\\\\\000\0\eng\d
=035  \\$a.b12852818$btbp$cr
=040  \\$aRecon SWW$cSWW$dOCL
=049  \\$aCOCA
=090  \\$aPR4034.P72 J4 1936
=100  1\$aJerome, Helen,$d1883-1958.
=245  10$aPride and prejudice :$ba sentimental comedy /$cdramatized by Helen Jerome from the novel of Jane Austen.
=260  \\$aGarden City, N.Y. :$bDoubleday, Doran,$c1936.
=300  \\$a6 p. {scriptl}., 3-193 p. /$c20 cm.
=700  1\$aAusten, Jane,$d1775-1817.$tPride and prejudice.
=907  \\$a.b12852818
=902  \\$a120110
=999  \\$b2$c970327$dm$ea$fr$g0
=994  \\$atbp
=945  \\$aPR4034.P72 J4 1936$g1$i33027003575499$j0$ltbp  $h0$or$p{dollar}0.00$q $r-$s-$t1$u1$v0$w0$x0$y.i1340541x$z970327

