=LDR  02841ngm  2200697Ia 45 0
=001  56360840
=003  OCoLC
=005  20041008010535.0
=007  vd\\v\\\
=008  040826p20041985cau265\\\\\\\\\\\\vleng\d
=020  \\$a079077027X
=028  40$aE1687$bBBC Video
=035  \\$a.b16291414$btvdvd$cc
=040  \\$aCO2$cCO2
=041  \\$jeng
=049  \\$aCOCA
=090  \\$aPN1997$b.P76 2004
=090  \\$aPN1997$b.P76 2004
=245  00$aPride and prejudice$h[videorecording] :$bor, First impressions /$ca BBC TV production in association with Australian Broadcasting Commission ; BBC Worldwide Americas, Inc. ; produced by Jonathan Powell ; dramatized by Fay Weldon ; directed by Cyril Coke.
=246  30$aPride and prejudice.
=246  30$aFirst impressions.
=246  1\$iContainer title:$aJane Austen's Pride and Prejudice.
=260  \\$aBurbank, Calif. :$bWarner Home Video,$c2004.
=300  \\$a1 videodisc (265 min.) :$bsd., col. ;$c4 3/4 in.
=490  1\$aClassics.
=538  \\$aDVD.
=546  \\$aClosed-captioned for the hearing impaired.
=511  1\$aElizabeth Garvie, David Rintoul, Moray Watson, Priscilla Morgan, Sabina Franklyn, Natalie Ogle, Tessa Peake-Jones, Clare Higgins, Osmond Bulock, Marsha Fitzalan.
=508  \\$aFilm editor, Chris Wimble ; music composed by Wilfred Josephs ; conducted by Marcus Dods ; film cameraman, Paul Wheeler ; film sound recorder, Malcolm Webberley.
=500  \\$aBased on the novel Pride and Prejudice by Jane Austen.
=521  \\$aNot rated.
=520  \\$aThe story of the lively, precocious and very eligible Bennet girls captures all the nuances of 19th century life among the English gentry, a society obsessed with profitable marriage contracts.
=650  \0$aSocial classes$vDrama.
=650  \0$aYoung women$vDrama.
=650  \0$aCourtship$vDrama.
=650  \0$aSisters$vDrama.
=650  \0$aFilms for the hearing impaired.
=651  \0$aEngland$vDrama.
=655  \7$aLove stories.
=690  \\$aFeature films$vDVD.
=690  \\$aLiterature$vDVD.
=700  1\$aPowell, Jonathan.
=700  1\$aWeldon, Fay.
=700  1\$aCoke, Cyril.
=700  1\$aGarvie, Elizabeth.
=700  1\$aRintoul, David.
=700  1\$aWatson, Moray,$d1928-
=700  1\$aMorgan, Priscilla.
=700  1\$aPeake-Jones, Tessa.
=700  1\$aHiggins, Clare.
=700  12$aAusten, Jane,$d1775-1817.$tPride and prejudice.
=710  2\$aBritish Broadcasting Corporation.
=710  2\$aAustralian Broadcasting Commission.
=710  2\$aBBC Worldwide Americas, Inc.
=710  2\$aWarner Home Video (Firm)
=830  \0$aBBC classics.
=907  \\$a.b16291414
=902  \\$a120110
=999  \\$b1$c041008$dm$eg$fc$g0
=994  \\$atvdvd
=945  \\$aPN1997$b.P76 2004$g1$i33027004989921$j0$ltvdvd$h0$oc$p{dollar}0.00$qn$r-$s-$t14$u27$v1$w0$x1$y.i16419017$z041008

